@article{bib-article,
  title={Gas phase reactions and rate coefficients for use in astrochemistry-The UMIST ratefile},
  author={Millar, TJ and Bennett, A and Rawlings, JMC and Brown, PD and Charnley, SB},
  journal={Astronomy and Astrophysics Supplement Series},
  volume={87},
  pages={585--619},
  year={1991},
}

@book{bib-book,
  title={A manual for writers of research papers, theses, and dissertations: Chicago style for students and researchers},
  author={Turabian, Kate L},
  year={2013},
  publisher={University of Chicago Press},
}

@inbook{bib-chapter,
  title={Chapter IV A roll tube method for cultivation of strict anaerobes},
  author={Hungate, RE},
  journal={Methods in microbiology},
  volume={3},
  pages={117--132},
  year={1969},
  publisher={Elsevier},
}

@conference{bib-conference,
  title={Single-Molecule Microscopy of Nanocatalysis},
  author={Chen, Peng},
  booktitle={69th International Symposium on Molecular Spectroscopy},
  volume={1},
  year={2014}
}

@misc{bib-url,
  title="The Not So Short Introduction to LaTeX2e",
  author="Tobias Oetiker and Hubert Partl and Irene Hyna and Elisabeth Schlegl",
  year="2015",
  url="http://tug.ctan.org/info/lshort/english/lshort.pdf",
}

@phdthesis{bib-thesis,
  title="X",
  author="X",
  school="X",
  year="X",
}

@unpublished{bib-unpublished,
  author="A",
  title="B",
  note="C",
}